@inproceedings{Dunfield13:bidir,
    author =    {Jana Dunfield and Neelakantan R. Krishnaswami},
    title =     {Complete and Easy Bidirectional Typechecking for Higher-Rank Polymorphism},
    booktitle = {Int'l Conf. Functional Programming},
    month =     aug,
    year =      {2020},
    eprinttype = {arxiv},
    eprintclass = {cs.PL},
    eprint = {1306.6032v2},
}

@inproceedings{Cai16:sysfw,
    author = {Cai, Yufei and Giarrusso, Paolo G. and Ostermann, Klaus},
    title = {System F-Omega with Equirecursive Types for Datatype-Generic Programming},
    year = {2016},
    publisher = {Association for Computing Machinery},
    doi = {10.1145/2837614.2837660},
    booktitle = {Proceedings of the 43rd Annual ACM SIGPLAN-SIGACT Symposium on Principles of Programming Languages},
    pages = {30–43},
    numpages = {14},
    series = {POPL '16},
}

@online{Jez17:sysfw,
    author = {Jake Zimmerman},
    title = {System F$\omega$ and Parameterization},
    date = {2017-09-27},
    url = {https://blog.jez.io/system-f-param/}
}

@misc{recty-lec,
    author = {Nate Foster},
    title = {CS 4110 – Programming Languages and Logics},
    subtitle = {Lecture \#27: Recursive Types},
    year = {2012},
    url = {https://www.cs.cornell.edu/courses/cs4110/2012fa/lectures/lecture27.pdf}
}
